{
  "leader": "03299cam a2200481Ia 4500",
  "fields": [
    {
      "001": "ocn260029136"
    },
    {
      "003": "OCoLC"
    },
    {
      "005": "20220630132419.0"
    },
    {
      "008": "090127s2009\\\\\\\\nju\\\\\\\\\\\\b\\\\\\\\001\\0\\eng\\\\"
    },
    {
      "010": {
        "ind1": "\\",
        "ind2": "\\",
        "subfields": [
          {
            "a": "  2009001908"
          }
        ]
      }
    },
    {
      "040": {
        "ind1": "\\",
        "ind2": "\\",
        "subfields": [
          {
            "a": "DLC"
          },
          {
            "b": "eng"
          },
          {
            "c": "DLC"
          },
          {
            "d": "UKM"
          },
          {
            "d": "YDXCP"
          },
          {
            "d": "C#P"
          },
          {
            "d": "CDX"
          },
          {
            "d": "BWX"
          },
          {
            "d": "HEBIS"
          },
          {
            "d": "BTCTA"
          },
          {
            "d": "BDX"
          },
          {
            "d": "OCLCF"
          },
          {
            "d": "OCLCQ"
          },
          {
            "d": "OCLCO"
          },
          {
            "d": "OCLCQ"
          },
          {
            "d": "NTG"
          },
          {
            "d": "WYU"
          },
          {
            "d": "UKMGB"
          },
          {
            "d": "IVU"
          },
          {
            "d": "FIC"
          },
          {
            "d": "ELBRO"
          },
          {
            "d": "OCLCO"
          }
        ]
      }
    },
    {
      "015": {
        "ind1": "\\",
        "ind2": "\\",
        "subfields": [
          {
            "a": "GBA8C8514"
          },
          {
            "2": "bnb"
          }
        ]
      }
    },
    {
      "016": {
        "ind1": "7",
        "ind2": "\\",
        "subfields": [
          {
            "a": "014799645"
          },
          {
            "2": "Uk"
          }
        ]
      }
    },
    {
      "019": {
        "ind1": "\\",
        "ind2": "\\",
        "subfields": [
          {
            "a": "370376879"
          }
        ]
      }
    },
    {
      "020": {
        "ind1": "\\",
        "ind2": "\\",
        "subfields": [
          {
            "a": "9780470397923"
          },
          {
            "q": "(cloth)"
          }
        ]
      }
    },
    {
      "020": {
        "ind1": "\\",
        "ind2": "\\",
        "subfields": [
          {
            "a": "0470397926"
          },
          {
            "q": "(cloth)"
          }
        ]
      }
    },
    {
      "035": {
        "ind1": "\\",
        "ind2": "\\",
        "subfields": [
          {
            "a": "(OCoLC)260029136"
          },
          {
            "z": "(OCoLC)370376879"
          }
        ]
      }
    },
    {
      "043": {
        "ind1": "\\",
        "ind2": "\\",
        "subfields": [
          {
            "a": "n-us---"
          }
        ]
      }
    },
    {
      "050": {
        "ind1": "0",
        "ind2": "0",
        "subfields": [
          {
            "a": "HV3181"
          },
          {
            "b": ".P45 2009"
          }
        ]
      }
    },
    {
      "082": {
        "ind1": "0",
        "ind2": "0",
        "subfields": [
          {
            "a": "361.7608996073"
          },
          {
            "b": "PHI"
          }
        ]
      }
    },
    {
      "245": {
        "ind1": "0",
        "ind2": "2",
        "subfields": [
          {
            "a": "A philanthropic covenant with Black America /"
          },
          {
            "c": "edited by Rodney M. Jackson ; introduction by Tavis Smiley ; afterword by Emmett D. Carson."
          }
        ]
      }
    },
    {
      "260": {
        "ind1": "\\",
        "ind2": "\\",
        "subfields": [
          {
            "a": "Hoboken, N.J. :"
          },
          {
            "b": "John Wiley & Sons,"
          },
          {
            "c": "\u00a92009."
          }
        ]
      }
    },
    {
      "300": {
        "ind1": "\\",
        "ind2": "\\",
        "subfields": [
          {
            "a": "xviii, 238 pages ;"
          },
          {
            "c": "24 cm"
          }
        ]
      }
    },
    {
      "336": {
        "ind1": "\\",
        "ind2": "\\",
        "subfields": [
          {
            "a": "text"
          },
          {
            "b": "txt"
          },
          {
            "2": "rdacontent"
          }
        ]
      }
    },
    {
      "337": {
        "ind1": "\\",
        "ind2": "\\",
        "subfields": [
          {
            "a": "unmediated"
          },
          {
            "b": "n"
          },
          {
            "2": "rdamedia"
          }
        ]
      }
    },
    {
      "338": {
        "ind1": "\\",
        "ind2": "\\",
        "subfields": [
          {
            "a": "volume"
          },
          {
            "b": "nc"
          },
          {
            "2": "rdacarrier"
          }
        ]
      }
    },
    {
      "504": {
        "ind1": "\\",
        "ind2": "\\",
        "subfields": [
          {
            "a": "Includes bibliographical references and index."
          }
        ]
      }
    },
    {
      "505": {
        "ind1": "0",
        "ind2": "0",
        "subfields": [
          {
            "g": "Ch. 1."
          },
          {
            "t": "Empowering the African American Community through Strategic Grantmaking /"
          },
          {
            "r": "Angela Glover Blackwell --"
          },
          {
            "g": "Ch. 2."
          },
          {
            "t": "Philanthropy and Religion /"
          },
          {
            "r": "Harold Dean Trulear --"
          },
          {
            "g": "Ch. 3."
          },
          {
            "t": "Fundraising to Strengthen Black Communities /"
          },
          {
            "r": "Birgit Smith Burton --"
          },
          {
            "g": "Ch. 4."
          },
          {
            "t": "Youth in Philanthropy /"
          },
          {
            "r": "Jeanette M. Davis-Loeb --"
          },
          {
            "g": "Ch. 5."
          },
          {
            "t": "Civic Engagement in the African American Community /"
          },
          {
            "r": "Stephanie Robinson and Charisse Camey-Nunes --"
          },
          {
            "g": "Ch. 6."
          },
          {
            "t": "African American Response to Natural Disasters: Reflecting on Hurricanes Katrina and Rita /"
          },
          {
            "r": "Sherece Y. West and Kermit Burton --"
          },
          {
            "g": "Ch. 7."
          },
          {
            "t": "Families and Friends-The Power of Small Groups /"
          },
          {
            "r": "Carol Brunson Day and Judith Gordon Samuel --"
          },
          {
            "g": "Ch. 8."
          },
          {
            "t": "Time and Talent: Volunteerism as a Resource for Black Communities /"
          },
          {
            "r": "Rodney M. Jackson --"
          },
          {
            "g": "Ch. 9."
          },
          {
            "t": "Philanthropic Covenant with Black America /"
          },
          {
            "r": "Rodney M. Jackson --"
          },
          {
            "t": "Reconciling King's Dream, Obama's Election, and the Imperative for a Black Philanthropic Covenant /"
          },
          {
            "r": "Emmett D. Carson --"
          },
          {
            "t": "About The National Center for Black Philanthropy, Inc."
          }
        ]
      }
    },
    {
      "520": {
        "ind1": "\\",
        "ind2": "\\",
        "subfields": [
          {
            "a": "A Philanthropic Covenant will feature eight essays from several prominent African American grantmakers, scholars, activists and clergy that will examine critical elements of modern philanthropy and how they affect Black communities for good and for ill."
          }
        ]
      }
    },
    {
      "650": {
        "ind1": "\\",
        "ind2": "0",
        "subfields": [
          {
            "a": "African Americans"
          },
          {
            "x": "Charities."
          }
        ]
      }
    },
    {
      "650": {
        "ind1": "\\",
        "ind2": "0",
        "subfields": [
          {
            "a": "African Americans"
          },
          {
            "x": "Charitable contributions."
          }
        ]
      }
    },
    {
      "650": {
        "ind1": "\\",
        "ind2": "0",
        "subfields": [
          {
            "a": "Community development"
          },
          {
            "z": "United States."
          }
        ]
      }
    },
    {
      "650": {
        "ind1": "\\",
        "ind2": "7",
        "subfields": [
          {
            "a": "African Americans"
          },
          {
            "x": "Charitable contributions."
          },
          {
            "2": "fast"
          },
          {
            "0": "(OCoLC)fst00799573"
          }
        ]
      }
    },
    {
      "650": {
        "ind1": "\\",
        "ind2": "7",
        "subfields": [
          {
            "a": "African Americans"
          },
          {
            "x": "Charities."
          },
          {
            "2": "fast"
          },
          {
            "0": "(OCoLC)fst00799574"
          }
        ]
      }
    },
    {
      "650": {
        "ind1": "\\",
        "ind2": "7",
        "subfields": [
          {
            "a": "Community development."
          },
          {
            "2": "fast"
          },
          {
            "0": "(OCoLC)fst00870818"
          }
        ]
      }
    },
    {
      "651": {
        "ind1": "\\",
        "ind2": "7",
        "subfields": [
          {
            "a": "United States."
          },
          {
            "2": "fast"
          },
          {
            "0": "(OCoLC)fst01204155"
          }
        ]
      }
    },
    {
      "700": {
        "ind1": "1",
        "ind2": "\\",
        "subfields": [
          {
            "a": "Jackson, Rodney M."
          }
        ]
      }
    },
    {
      "776": {
        "ind1": "0",
        "ind2": "8",
        "subfields": [
          {
            "i": "Online version:"
          },
          {
            "t": "Philanthropic covenant with Black America."
          },
          {
            "d": "Hoboken, N.J. : John Wiley & Sons, \u00a92009"
          },
          {
            "w": "(OCoLC)608588595"
          }
        ]
      }
    },
    {
      "776": {
        "ind1": "0",
        "ind2": "8",
        "subfields": [
          {
            "i": "Online version:"
          },
          {
            "t": "Philanthropic covenant with Black America."
          },
          {
            "d": "Hoboken, N.J. : John Wiley & Sons, \u00a92009"
          },
          {
            "w": "(OCoLC)609660368"
          }
        ]
      }
    },
    {
      "856": {
        "ind1": "4",
        "ind2": "1",
        "subfields": [
          {
            "u": "https://elibro.net/ereader/elibrodemo/178396"
          }
        ]
      }
    },
    {
      "994": {
        "ind1": "\\",
        "ind2": "\\",
        "subfields": [
          {
            "a": "Z0"
          },
          {
            "b": "NYRVC"
          }
        ]
      }
    },
    {
      "948": {
        "ind1": "\\",
        "ind2": "\\",
        "subfields": [
          {
            "h": "NO HOLDINGS IN NYRVC - 151 OTHER HOLDINGS"
          }
        ]
      }
    },
    {
      "999": {
        "ind1": "\\",
        "ind2": "\\",
        "subfields": [
          {
            "a": "00000000013876"
          }
        ]
      }
    }
  ]
}